<record><leader>00000cas a22000007a 4500</leader><controlfield tag="001">9463266</controlfield><controlfield tag="008">830429d184518uumauwr ne      0    0eng d</controlfield><datafield ind1=" " ind2=" " tag="010"><subfield code="a">sn 83020630 </subfield></datafield><datafield ind1=" " ind2=" " tag="040"><subfield code="a">NPX</subfield><subfield code="b">eng</subfield><subfield code="c">NPX</subfield><subfield code="d">OCLCQ</subfield></datafield><datafield ind1=" " ind2=" " tag="042"><subfield code="a">msc</subfield></datafield><datafield ind1=" " ind2=" " tag="043"><subfield code="a">n-us-ma</subfield></datafield><datafield ind1="0" ind2="4" tag="245"><subfield code="a">The Weekly bulletin and advocate.</subfield></datafield><datafield ind1=" " ind2=" " tag="260"><subfield code="a">New-Bedford [Mass. :</subfield><subfield code="b">s.n.]</subfield></datafield><datafield ind1=" " ind2=" " tag="300"><subfield code="a">v. ;</subfield><subfield code="c">55 cm.</subfield></datafield><datafield ind1=" " ind2=" " tag="310"><subfield code="a">Weekly</subfield></datafield><datafield ind1=" " ind2=" " tag="500"><subfield code="a">Published on Saturday.</subfield></datafield><datafield ind1=" " ind2=" " tag="500"><subfield code="a">Printer: Henry Tilden, &lt;Nov. 22, 1845&gt;.</subfield></datafield><datafield ind1=" " ind2=" " tag="500"><subfield code="a">Editor: H. Tilden, 1845-1846.</subfield></datafield><datafield ind1=" " ind2=" " tag="580"><subfield code="a">Published at the office of the Evening bulletin (New Bedford, Mass. : 1845).</subfield></datafield><datafield ind1=" " ind2=" " tag="588"><subfield code="a">Description based on: Vol. 1, no. 47 (Nov. 22, 1845).</subfield></datafield><datafield ind1="1" ind2=" " tag="700"><subfield code="a">Tilden, Henry.</subfield></datafield><datafield ind1=" " ind2=" " tag="752"><subfield code="a">United States</subfield><subfield code="b">Massachusetts</subfield><subfield code="c">Bristol</subfield><subfield code="d">New Bedford.</subfield></datafield><datafield ind1="0" ind2="0" tag="780"><subfield code="t">Advocate (New Bedford, Mass.)</subfield><subfield code="w">(DLC)sn 83020626</subfield></datafield><datafield ind1="1" ind2=" " tag="787"><subfield code="t">Evening bulletin (New Bedford, Mass. : 1845)</subfield><subfield code="w">(DLC)sn 83020629</subfield></datafield><datafield ind1="1" ind2=" " tag="029"><subfield code="a">AU@</subfield><subfield code="b">000025794167</subfield></datafield></record>